
@inproceedings{dissection,
  author    = {Conor McBride},
  title     = {Clowns to the left of me, jokers to the right (pearl): dissecting
               data structures},
  booktitle = {POPL},
  year      = {2008},
  pages     = {287-295},
  ee        = {http://doi.acm.org/10.1145/1328438.1328474},
}

@article{DBLP:journals/fuin/AbbottAMG05,
  author    = {Michael Abbott and
               Thorsten Altenkirch and
               Conor McBride and
               Neil Ghani},
  title     = {for Data: Differentiating Data Structures},
  journal   = {Fundam. Inform.},
  volume    = {65},
  number    = {1-2},
  year      = {2005},
  pages     = {1-28},
  ee        = {http://iospress.metapress.com/content/jj599ww44r90maa0/},
  bibsource = {DBLP, http://dblp.uni-trier.de}
}
